<?xml version="1.0" encoding="UTF-8"?><record xmlns="http://www.loc.gov/MARC21/slim" xmlns:cinclude="http://apache.org/cocoon/include/1.0" xmlns:zs="http://www.loc.gov/zing/srw/">
  <leader>00498nz  a2200145n  4500</leader>
  <controlfield tag="001">no2009158980</controlfield>
  <controlfield tag="003">DLC</controlfield>
  <controlfield tag="005">20091008075624.0</controlfield>
  <controlfield tag="008">091006n| acannaabn          |n aaa     c</controlfield>
  <datafield tag="010" ind1=" " ind2=" ">
    <subfield code="a">no2009158980</subfield>
  </datafield>
  <datafield tag="035" ind1=" " ind2=" ">
    <subfield code="a">(OCoLC)oca08263100</subfield>
  </datafield>
  <datafield tag="040" ind1=" " ind2=" ">
    <subfield code="a">NNC</subfield>
    <subfield code="b">eng</subfield>
    <subfield code="c">NNC</subfield>
  </datafield>
  <datafield tag="100" ind1="1" ind2=" ">
    <subfield code="a">Allemann, Björn,</subfield>
    <subfield code="d">1980-</subfield>
  </datafield>
  <datafield tag="670" ind1=" " ind2=" ">
    <subfield code="a">Unterwegs in Zürich und Winterthur, c 2009:</subfield>
    <subfield code="b">t.p. (Björn Allemann)</subfield>
  </datafield>
  <datafield tag="670" ind1=" " ind2=" ">
    <subfield code="a">Björn Allemann web page, via WWW, Oct. 5, 2009</subfield>
    <subfield code="b">(Björn Allemann; b. 1980 Chur, Switzerland; photographer)</subfield>
  </datafield>
</record>